<record><leader>00000cas a2200000 a 4500</leader><controlfield tag="001">12224845</controlfield><controlfield tag="008">850702d185u1904miuwr ne      0    0eng c</controlfield><datafield ind1=" " ind2=" " tag="010"><subfield code="a">sn 85033739 </subfield></datafield><datafield ind1=" " ind2=" " tag="040"><subfield code="a">NPU</subfield><subfield code="b">eng</subfield><subfield code="c">NPU</subfield><subfield code="d">NPX</subfield><subfield code="d">MHN</subfield><subfield code="d">OCL</subfield><subfield code="d">MHN</subfield><subfield code="d">OCL</subfield><subfield code="d">OCLCQ</subfield><subfield code="d">OCLCF</subfield><subfield code="d">OCLCO</subfield></datafield><datafield ind1="1" ind2=" " tag="029"><subfield code="a">AU@</subfield><subfield code="b">000004333371</subfield></datafield><datafield ind1=" " ind2=" " tag="042"><subfield code="a">pcc</subfield></datafield><datafield ind1=" " ind2=" " tag="043"><subfield code="a">n-us-mi</subfield></datafield><datafield ind1="0" ind2="0" tag="245"><subfield code="a">Monroe commercial.</subfield></datafield><datafield ind1="3" ind2=" " tag="246"><subfield code="a">Commercial</subfield></datafield><datafield ind1=" " ind2=" " tag="260"><subfield code="a">Monroe, Mich. :</subfield><subfield code="b">Tho. S. Clark</subfield></datafield><datafield ind1=" " ind2=" " tag="300"><subfield code="a">v. ;</subfield><subfield code="c">61 cm.</subfield></datafield><datafield ind1=" " ind2=" " tag="310"><subfield code="a">Weekly</subfield></datafield><datafield ind1="1" ind2=" " tag="362"><subfield code="a">Ceased in May 1904?</subfield><subfield code="z">Cf. Gregory, W. Amer. newspapers.</subfield></datafield><datafield ind1=" " ind2=" " tag="500"><subfield code="a">Publishers: M.D. Hamilton, &lt;1864-1866&gt;; M.D. Hamilton &amp; Son, &lt;1876&gt;.</subfield></datafield><datafield ind1=" " ind2=" " tag="500"><subfield code="a">Editor: M.D. Hamilton, &lt;1864&gt;.</subfield></datafield><datafield ind1=" " ind2=" " tag="580"><subfield code="a">Continues: Monroe weekly commercial and Southern Michigan advocate?</subfield></datafield><datafield ind1=" " ind2=" " tag="580"><subfield code="a">Daily ed.: Monroe evening commercial.</subfield></datafield><datafield ind1=" " ind2=" " tag="580"><subfield code="a">Merged with: Monroe record (Monroe, Mich.), to form: Record=commercial.</subfield></datafield><datafield ind1=" " ind2=" " tag="588"><subfield code="a">Description based on: Vol. 16, no. 35 (Aug. 7, 1856).</subfield></datafield><datafield ind1=" " ind2="0" tag="651"><subfield code="a">Monroe (Mich.)</subfield><subfield code="v">Newspapers.</subfield></datafield><datafield ind1=" " ind2="0" tag="651"><subfield code="a">Monroe County (Mich.)</subfield><subfield code="v">Newspapers.</subfield></datafield><datafield ind1=" " ind2="7" tag="655"><subfield code="a">Newspapers.</subfield><subfield code="2">fast</subfield><subfield code="0">(OCoLC)fst01423814</subfield></datafield><datafield ind1=" " ind2="7" tag="651"><subfield code="a">Michigan</subfield><subfield code="z">Monroe.</subfield><subfield code="2">fast</subfield><subfield code="0">(OCoLC)fst01215911</subfield></datafield><datafield ind1=" " ind2="7" tag="651"><subfield code="a">Michigan</subfield><subfield code="z">Monroe County.</subfield><subfield code="2">fast</subfield><subfield code="0">(OCoLC)fst01215990</subfield></datafield><datafield ind1=" " ind2=" " tag="752"><subfield code="a">United States</subfield><subfield code="b">Michigan</subfield><subfield code="c">Monroe</subfield><subfield code="d">Monroe.</subfield></datafield><datafield ind1="1" ind2=" " tag="775"><subfield code="a">Monroe evening commercial</subfield><subfield code="w">(DLC)sn 97063475</subfield><subfield code="w">(OCoLC)38108976</subfield></datafield><datafield ind1="1" ind2="0" tag="780"><subfield code="t">Monroe weekly commercial and Southern Michigan advocate</subfield><subfield code="w">(DLC)sn 96077278</subfield><subfield code="w">(OCoLC)35963799</subfield></datafield><datafield ind1="1" ind2="7" tag="785"><subfield code="t">Monroe record (Monroe, Mich.)</subfield><subfield code="w">(DLC)sn2001061605</subfield><subfield code="w">(OCoLC)46377077</subfield></datafield><datafield ind1="1" ind2="7" tag="785"><subfield code="t">Record=commercial</subfield><subfield code="w">(DLC)sn 98066044</subfield><subfield code="w">(OCoLC)38522801</subfield></datafield></record>